<?xml version="1.0" encoding="UTF-8"?><collection xmlns="http://www.loc.gov/MARC21/slim"><record><leader>00522nam--2200169-i-4500</leader><controlfield tag="001">000002204</controlfield><controlfield tag="002">20161230</controlfield><controlfield tag="005">20161230201024</controlfield><controlfield tag="008">060222s1000------------r-----000-0-eng-d</controlfield><datafield ind1=" " ind2=" " tag="080"><subfield code="a">519.1(061.3)</subfield></datafield><datafield ind1="1" ind2=" " tag="100"><subfield code="a">Fiedler, Miroslav</subfield></datafield><datafield ind1="1" ind2="0" tag="245"><subfield code="a">Graphs and other combinatorial topics. proceedings</subfield></datafield><datafield ind1=" " ind2=" " tag="260"><subfield code="a">Leipzig, Bsb B, G. Teubner Verlagsgesellchaft, 1983. 356 P</subfield></datafield><datafield ind1=" " ind2=" " tag="490"><subfield code="a">Teubner-texte Zur Mathematik. Proceedings</subfield><subfield code="v">band 59</subfield></datafield><datafield ind1=" " ind2=" " tag="700"><subfield code="a">Fiedler, Miroslav</subfield></datafield><datafield ind1=" " ind2=" " tag="852"><subfield code="a">70329</subfield><subfield code="c">517.9</subfield></datafield><datafield ind1=" " ind2=" " tag="CAT"><subfield code="a">Sys</subfield><subfield code="c">20090407</subfield><subfield code="h">081008</subfield></datafield></record></collection>